
@inproceedings{goodfellow2014generative,
	title={Generative adversarial nets},
	author={Goodfellow, Ian and Pouget-Abadie, Jean and Mirza, Mehdi and Xu, Bing and Warde-Farley, David and Ozair, Sherjil and Courville, Aaron and Bengio, Yoshua},
	booktitle={Advances in neural information processing systems},
	pages={2672--2680},
	year={2014}
}

@article{raghu2020survey,
	title = {A survey of deep learning for scientific discovery},
	author = {Raghu, Maithra and Schmidt, Eric},
	journal = {arXiv preprint arXiv:2003.11755},
	year = {2020},
	note = {\url{https://arxiv.org/pdf/2003.11755.pdf}}
}