@book{friedberg2013linear,
  title={Linear Algebra: Pearson New International Edition},
  author={Friedberg, Stephen H and Insel, Arnold J and Spence, Lawrence E},
  year={2013},
  publisher={Pearson Higher Ed}
}

@book{weinan2019applied,
  title={Applied stochastic analysis},
  author={Weinan, E and Li, Tiejun and Vanden-Eijnden, Eric},
  volume={199},
  year={2019},
  publisher={American Mathematical Soc.}
}

@article{raghu2020survey,
	title = {A survey of deep learning for scientific discovery},
	author = {Raghu, Maithra and Schmidt, Eric},
	journal = {arXiv preprint arXiv:2003.11755},
	year = {2020},
	note = {\url{https://arxiv.org/pdf/2003.11755.pdf}}
}
