
@inproceedings{goodfellow2014generative,
	title={Generative adversarial nets},
	author={Goodfellow, Ian and Pouget-Abadie, Jean and Mirza, Mehdi and Xu, Bing and Warde-Farley, David and Ozair, Sherjil and Courville, Aaron and Bengio, Yoshua},
	booktitle={Advances in neural information processing systems},
	pages={2672--2680},
	year={2014}
}

@article{raghu2020survey,
	title = {A survey of deep learning for scientific discovery},
	author = {Raghu, Maithra and Schmidt, Eric},
	journal = {arXiv preprint arXiv:2003.11755},
	year = {2020},
	note = {\url{https://arxiv.org/pdf/2003.11755.pdf}}
}

@article{wray2010multi,
	title={Multi-locus models of genetic risk of disease},
	author={Wray, Naomi R and Goddard, Michael E},
	journal={Genome Medicine},
	volume={2},
	number={2},
	pages={10},
	year={2010},
	publisher={Springer}
	note = {\url{https://genomemedicine.biomedcentral.com/track/pdf/10.1186/gm131}}
}

@article{pinto2019can,
	title={Can artificial neural networks supplant the polygene risk score for risk prediction of complex disorders given very large sample sizes?},
	author={Pinto, Carlos and Gill, Michael and Heron, Elizabeth A and others},
	journal={arXiv preprint arXiv:1911.08996},
	year={2019}
	note = {\url{https://arxiv.org/ftp/arxiv/papers/1911/1911.08996.pdf}}
}